<record><leader>00000cas a22000007a 4500</leader><controlfield tag="001">13788871</controlfield><controlfield tag="008">860627d19031907nvudn ne      0    0eng d</controlfield><datafield ind1=" " ind2=" " tag="010"><subfield code="a">sn 86076224 </subfield></datafield><datafield ind1=" " ind2=" " tag="040"><subfield code="a">NNX</subfield><subfield code="b">eng</subfield><subfield code="c">NNX</subfield><subfield code="d">OCL</subfield><subfield code="d">OCLCQ</subfield></datafield><datafield ind1=" " ind2=" " tag="042"><subfield code="a">msc</subfield></datafield><datafield ind1="0" ind2="4" tag="245"><subfield code="a">The Daily silver state.</subfield></datafield><datafield ind1=" " ind2=" " tag="260"><subfield code="a">Winnemucca, Nev. :</subfield><subfield code="b">Winnemucca Pub. Co.,</subfield><subfield code="c">1903-1907.</subfield></datafield><datafield ind1=" " ind2=" " tag="300"><subfield code="a">9 v. :</subfield><subfield code="b">ill.</subfield></datafield><datafield ind1=" " ind2=" " tag="310"><subfield code="a">Daily (except Sun.)</subfield></datafield><datafield ind1="0" ind2=" " tag="362"><subfield code="a">Vol. 40, no. 156 (Apr. 30, 1903)-v. 48, no. 110 (June 15, 1907).</subfield></datafield><datafield ind1=" " ind2=" " tag="500"><subfield code="a">Publisher : Mar. 20, 1906-June 16, 1906, Silver State Pub. Co.; June 22, 1906-Sept. 7, 1906, Case &amp; Ezell; Sept. 10, 1906-Dec. 6, 1906, Case &amp; Riddle; Dec. 13, 1906-June 15, 1907, J.S. Case.</subfield></datafield><datafield ind1=" " ind2=" " tag="580"><subfield code="a">Continued by: Silver state news.</subfield></datafield><datafield ind1=" " ind2=" " tag="752"><subfield code="a">United States</subfield><subfield code="b">Nevada</subfield><subfield code="c">Humboldt</subfield><subfield code="d">Winnemucca.</subfield></datafield><datafield ind1="0" ind2="0" tag="780"><subfield code="t">Silver state (Unionville, Nev.)</subfield><subfield code="w">(DLC)sn 84022060</subfield><subfield code="w">(OCoLC)10270444</subfield></datafield><datafield ind1="1" ind2="0" tag="785"><subfield code="t">Silver state news</subfield><subfield code="w">(DLC)sn 86076356</subfield><subfield code="w">(OCoLC)14066969</subfield></datafield><datafield ind1="1" ind2=" " tag="029"><subfield code="a">AU@</subfield><subfield code="b">000022774903</subfield></datafield></record>